<?xml version="1.0" encoding="UTF-8"?><record xmlns="http://www.loc.gov/MARC21/slim" xmlns:cinclude="http://apache.org/cocoon/include/1.0" xmlns:zs="http://www.loc.gov/zing/srw/">
  <leader>02010cz  a2200385n  4500</leader>
  <controlfield tag="001">n  84738437 </controlfield>
  <controlfield tag="003">DLC</controlfield>
  <controlfield tag="005">20121108074717.0</controlfield>
  <controlfield tag="008">860522n| acabaaaan          |a aaa      </controlfield>
  <datafield tag="010" ind1=" " ind2=" ">
    <subfield code="a">n  84738437 </subfield>
  </datafield>
  <datafield tag="035" ind1=" " ind2=" ">
    <subfield code="a">(OCoLC)oca01594311</subfield>
  </datafield>
  <datafield tag="040" ind1=" " ind2=" ">
    <subfield code="a">DLC</subfield>
    <subfield code="b">eng</subfield>
    <subfield code="c">DLC</subfield>
    <subfield code="d">DLC</subfield>
    <subfield code="d">WaU</subfield>
    <subfield code="d">GU-Mu</subfield>
  </datafield>
  <datafield tag="050" ind1=" " ind2="0">
    <subfield code="a">M3.J34</subfield>
    <subfield code="b">K6</subfield>
  </datafield>
  <datafield tag="100" ind1="1" ind2=" ">
    <subfield code="a">Janáček, Leoš,</subfield>
    <subfield code="d">1854-1928.</subfield>
    <subfield code="t">Works.</subfield>
    <subfield code="f">1978</subfield>
  </datafield>
  <datafield tag="400" ind1="1" ind2=" ">
    <subfield code="a">Janáček, Leoš,</subfield>
    <subfield code="d">1854-1928.</subfield>
    <subfield code="t">Souborné kritické vydání děl Leoše Janáčka.</subfield>
    <subfield code="f">1978</subfield>
  </datafield>
  <datafield tag="400" ind1="1" ind2=" ">
    <subfield code="a">Janáček, Leoš,</subfield>
    <subfield code="d">1854-1928.</subfield>
    <subfield code="t">Kritische Gesamtausgabe der Werke von Leoš Janáček.</subfield>
    <subfield code="f">1978</subfield>
  </datafield>
  <datafield tag="400" ind1="1" ind2=" ">
    <subfield code="a">Janáček, Leoš,</subfield>
    <subfield code="d">1854-1928.</subfield>
    <subfield code="t">Complete critical edition of the works of Leoš Janáček.</subfield>
    <subfield code="f">1978</subfield>
  </datafield>
  <datafield tag="400" ind1="1" ind2=" ">
    <subfield code="a">Janáček, Leoš,</subfield>
    <subfield code="d">1854-1928.</subfield>
    <subfield code="t">Edition critique complète des œuvres de Leoš Janáček.</subfield>
    <subfield code="f">1978</subfield>
  </datafield>
  <datafield tag="400" ind1="1" ind2=" ">
    <subfield code="a">Janáček, Leoš,</subfield>
    <subfield code="d">1854-1928.</subfield>
    <subfield code="t">Polnoe kriticheskoe sobranie sochineniĭ Leosha I︠A︡nacheka.</subfield>
    <subfield code="f">1978</subfield>
  </datafield>
  <datafield tag="400" ind1="1" ind2=" ">
    <subfield code="a">Janáček, Leoš,</subfield>
    <subfield code="d">1854-1928.</subfield>
    <subfield code="t">Souborné kritické vydání.</subfield>
    <subfield code="f">1978</subfield>
  </datafield>
  <datafield tag="400" ind1="1" ind2=" ">
    <subfield code="a">Janáček, Leoš,</subfield>
    <subfield code="d">1854-1928.</subfield>
    <subfield code="t">Kritische Gesamtausgabe.</subfield>
    <subfield code="f">1978</subfield>
  </datafield>
  <datafield tag="400" ind1="1" ind2=" ">
    <subfield code="a">Janáček, Leoš,</subfield>
    <subfield code="d">1854-1928.</subfield>
    <subfield code="t">Complete critical edition.</subfield>
    <subfield code="f">1978</subfield>
  </datafield>
  <datafield tag="400" ind1="1" ind2=" ">
    <subfield code="a">Janáček, Leoš,</subfield>
    <subfield code="d">1854-1928.</subfield>
    <subfield code="t">Edition critique complète.</subfield>
    <subfield code="f">1978</subfield>
  </datafield>
  <datafield tag="400" ind1="1" ind2=" ">
    <subfield code="a">Janáček, Leoš,</subfield>
    <subfield code="d">1854-1928.</subfield>
    <subfield code="t">Polnoe kriticheskoe sobranie.</subfield>
    <subfield code="f">1978</subfield>
  </datafield>
  <datafield tag="430" ind1=" " ind2="0">
    <subfield code="a">Souborné kritické vydání del Leoše Janáčka.</subfield>
    <subfield code="f">1978</subfield>
  </datafield>
  <datafield tag="430" ind1=" " ind2="0">
    <subfield code="a">Kritische Gesamtausgabe der Werke von Leoš Janáček.</subfield>
    <subfield code="f">1978</subfield>
  </datafield>
  <datafield tag="430" ind1=" " ind2="0">
    <subfield code="a">Complete critical edition of the works of Leoš Janáček.</subfield>
    <subfield code="f">1978</subfield>
  </datafield>
  <datafield tag="430" ind1=" " ind2="0">
    <subfield code="a">Edition critique complète des œuvres de Leoš Janáček.</subfield>
    <subfield code="f">1978</subfield>
  </datafield>
  <datafield tag="430" ind1=" " ind2="0">
    <subfield code="a">Polnoe kriticheskoe sobranie sochineniĭ Leosha I︠A︡nacheka.</subfield>
    <subfield code="f">1978</subfield>
  </datafield>
  <datafield tag="642" ind1=" " ind2=" ">
    <subfield code="a">řada D, sv. 7</subfield>
    <subfield code="5">DLC</subfield>
  </datafield>
  <datafield tag="643" ind1=" " ind2=" ">
    <subfield code="a">Praha</subfield>
    <subfield code="b">Supraphon</subfield>
    <subfield code="b">Bärenreiter</subfield>
  </datafield>
  <datafield tag="644" ind1=" " ind2=" ">
    <subfield code="a">f</subfield>
    <subfield code="d">analyzable parts</subfield>
    <subfield code="5">DLC</subfield>
  </datafield>
  <datafield tag="645" ind1=" " ind2=" ">
    <subfield code="a">t</subfield>
    <subfield code="5">DLC</subfield>
  </datafield>
  <datafield tag="646" ind1=" " ind2=" ">
    <subfield code="a">c</subfield>
    <subfield code="5">DLC</subfield>
  </datafield>
  <datafield tag="670" ind1=" " ind2=" ">
    <subfield code="a">Janáček, L. Taras Bulba, 1980:</subfield>
    <subfield code="b">t.p.</subfield>
  </datafield>
</record>